
    <zs:record>
      <zs:recordSchema/>
      <zs:recordPacking>xml</zs:recordPacking>
      <zs:recordData>
        <record xmlns="http://www.loc.gov/MARC21/slim">
          <leader>01283cam a22003014a 4500</leader>
          <controlfield tag="001">12703120</controlfield>
          <controlfield tag="005">20160711135654.0</controlfield>
          <controlfield tag="008">020313s2003    enka     b    011 0 eng  </controlfield>
          <datafield tag="906" ind1=" " ind2=" ">
            <subfield code="a">7</subfield>
            <subfield code="b">cbc</subfield>
            <subfield code="c">orignew</subfield>
            <subfield code="d">1</subfield>
            <subfield code="e">ocip</subfield>
            <subfield code="f">20</subfield>
            <subfield code="g">y-gencatlg</subfield>
          </datafield>
          <datafield tag="925" ind1="0" ind2=" ">
            <subfield code="a">acquire</subfield>
            <subfield code="b">1 shelf copy</subfield>
            <subfield code="x">policy default</subfield>
          </datafield>
          <datafield tag="925" ind1="1" ind2=" ">
            <subfield code="a">acquire</subfield>
            <subfield code="b">2 shelf copies</subfield>
            <subfield code="x">policy default</subfield>
          </datafield>
          <datafield tag="955" ind1=" " ind2=" ">
            <subfield code="a">pc03 2002-03-13 to HLCD</subfield>
            <subfield code="c">se45 2002-03-19</subfield>
            <subfield code="d">se02 2002-03-19</subfield>
            <subfield code="e">se05 2002-03-20 To Dewey</subfield>
            <subfield code="a">aa05 2002-03-20</subfield>
            <subfield code="a">ps06 2003-06-05 1 copy rec'd., to CIP ver.</subfield>
            <subfield code="f">sd47 2003-07-07 CIP ver. to BCCD;</subfield>
            <subfield code="e">SD77 2003-07-28 c.2 to BCCD</subfield>
          </datafield>
          <datafield tag="010" ind1=" " ind2=" ">
            <subfield code="a">  2002024895</subfield>
          </datafield>
          <datafield tag="020" ind1=" " ind2=" ">
            <subfield code="a">0754609499 (hbk. : alk. paper)</subfield>
          </datafield>
          <datafield tag="040" ind1=" " ind2=" ">
            <subfield code="a">DLC</subfield>
            <subfield code="c">DLC</subfield>
            <subfield code="d">DLC</subfield>
          </datafield>
          <datafield tag="042" ind1=" " ind2=" ">
            <subfield code="a">pcc</subfield>
          </datafield>
          <datafield tag="043" ind1=" " ind2=" ">
            <subfield code="a">e-uk---</subfield>
          </datafield>
          <datafield tag="050" ind1="0" ind2="0">
            <subfield code="a">HE3018</subfield>
            <subfield code="b">.I45 2003</subfield>
          </datafield>
          <datafield tag="082" ind1="0" ind2="0">
            <subfield code="a">385/.0941</subfield>
            <subfield code="2">21</subfield>
          </datafield>
          <datafield tag="245" ind1="0" ind2="4">
            <subfield code="a">The impact of the railway on society in Britain :</subfield>
            <subfield code="b">essays in honour of Jack Simmons /</subfield>
            <subfield code="c">edited by A.K.B. Evans and J.V. Gough.</subfield>
          </datafield>
          <datafield tag="260" ind1=" " ind2=" ">
            <subfield code="a">Aldershot, Hants, England ;</subfield>
            <subfield code="a">Burlington, VT, USA :</subfield>
            <subfield code="b">Ashgate,</subfield>
            <subfield code="c">2003.</subfield>
          </datafield>
          <datafield tag="300" ind1=" " ind2=" ">
            <subfield code="a">xxiv, 315 p. :</subfield>
            <subfield code="b">ill. ;</subfield>
            <subfield code="c">24 cm.</subfield>
          </datafield>
          <datafield tag="504" ind1=" " ind2=" ">
            <subfield code="a">Includes bibliographical references and index.</subfield>
          </datafield>
          <datafield tag="650" ind1=" " ind2="0">
            <subfield code="a">Railroads</subfield>
            <subfield code="z">Great Britain</subfield>
            <subfield code="x">History.</subfield>
          </datafield>
          <datafield tag="651" ind1=" " ind2="0">
            <subfield code="a">Great Britain</subfield>
            <subfield code="x">Social conditions.</subfield>
          </datafield>
          <datafield tag="700" ind1="1" ind2=" ">
            <subfield code="a">Simmons, Jack,</subfield>
            <subfield code="d">1915-2000.</subfield>
          </datafield>
          <datafield tag="700" ind1="1" ind2=" ">
            <subfield code="a">Evans, A. K. B.</subfield>
          </datafield>
          <datafield tag="700" ind1="1" ind2=" ">
            <subfield code="a">Gough, John,</subfield>
            <subfield code="d">1943-</subfield>
          </datafield>
        </record>
      </zs:recordData>
      <zs:recordPosition>5</zs:recordPosition>
    </zs:record>