
    <zs:record>
      <zs:recordSchema/>
      <zs:recordPacking>xml</zs:recordPacking>
      <zs:recordData>
        <record xmlns="http://www.loc.gov/MARC21/slim">
          <leader>00773cam a2200205u  4500</leader>
          <controlfield tag="001">9146664</controlfield>
          <controlfield tag="005">20040326152607.0</controlfield>
          <controlfield tag="008">810810s1906    enk      c    000 0 eng  </controlfield>
          <datafield tag="035" ind1=" " ind2=" ">
            <subfield code="9">(DLC)   06046290</subfield>
          </datafield>
          <datafield tag="906" ind1=" " ind2=" ">
            <subfield code="a">0</subfield>
            <subfield code="b">cbc</subfield>
            <subfield code="c">premunv</subfield>
            <subfield code="d">u</subfield>
            <subfield code="e">ncip</subfield>
            <subfield code="f">19</subfield>
            <subfield code="g">y-gencatlg</subfield>
          </datafield>
          <datafield tag="010" ind1=" " ind2=" ">
            <subfield code="a">   06046290 </subfield>
          </datafield>
          <datafield tag="040" ind1=" " ind2=" ">
            <subfield code="a">DLC</subfield>
            <subfield code="c">CarP</subfield>
            <subfield code="d">DLC</subfield>
          </datafield>
          <datafield tag="050" ind1="0" ind2="0">
            <subfield code="a">QK73.A2</subfield>
            <subfield code="b">A2</subfield>
          </datafield>
          <datafield tag="110" ind1="1" ind2=" ">
            <subfield code="a">Aburi.</subfield>
            <subfield code="b">Government botanical gardens. [from old catalog]</subfield>
          </datafield>
          <datafield tag="245" ind1="0" ind2="2">
            <subfield code="a">A catalogue of the Aburi gardens,</subfield>
          </datafield>
          <datafield tag="260" ind1=" " ind2=" ">
            <subfield code="a">Liverpool,</subfield>
            <subfield code="b">At the offices of the Institute; [etc., etc.]</subfield>
            <subfield code="c">1906.</subfield>
          </datafield>
          <datafield tag="300" ind1=" " ind2=" ">
            <subfield code="a">3 p.</subfield>
            <subfield code="b">l., 40 p.</subfield>
            <subfield code="c">25 cm.</subfield>
          </datafield>
          <datafield tag="710" ind1="1" ind2=" ">
            <subfield code="a">Liverpool.</subfield>
            <subfield code="b">University.</subfield>
            <subfield code="b">Institute of commercial research in the tropics. [from old catalog]</subfield>
          </datafield>
          <datafield tag="700" ind1="1" ind2=" ">
            <subfield code="a">Evans, A. E. [from old catalog]</subfield>
          </datafield>
          <datafield tag="991" ind1=" " ind2=" ">
            <subfield code="b">c-GenColl</subfield>
            <subfield code="h">QK73.A2</subfield>
            <subfield code="i">A2</subfield>
            <subfield code="p">00053379540</subfield>
            <subfield code="t">Copy 1</subfield>
            <subfield code="w">PREM</subfield>
          </datafield>
        </record>
      </zs:recordData>
      <zs:recordPosition>8</zs:recordPosition>
    </zs:record>