
    <zs:record>
      <zs:recordSchema/>
      <zs:recordPacking>xml</zs:recordPacking>
      <zs:recordData>
        <record xmlns="http://www.loc.gov/MARC21/slim">
          <leader>01867pam a22003854a 4500</leader>
          <controlfield tag="001">13676754</controlfield>
          <controlfield tag="005">20180522113347.0</controlfield>
          <controlfield tag="008">040804r20041928enka     b    001 0beng  </controlfield>
          <datafield tag="906" ind1=" " ind2=" ">
            <subfield code="a">7</subfield>
            <subfield code="b">cbc</subfield>
            <subfield code="c">orignew</subfield>
            <subfield code="d">1</subfield>
            <subfield code="e">ecip</subfield>
            <subfield code="f">20</subfield>
            <subfield code="g">y-gencatlg</subfield>
          </datafield>
          <datafield tag="925" ind1="0" ind2=" ">
            <subfield code="a">acquire</subfield>
            <subfield code="b">1 shelf copy</subfield>
            <subfield code="x">policy default</subfield>
          </datafield>
          <datafield tag="925" ind1="1" ind2=" ">
            <subfield code="a">acquire</subfield>
            <subfield code="b">2 shelf copies</subfield>
            <subfield code="x">policy default</subfield>
          </datafield>
          <datafield tag="955" ind1=" " ind2=" ">
            <subfield code="a">pv14 2005-01-21 z-processor to BCCD</subfield>
          </datafield>
          <datafield tag="955" ind1=" " ind2=" ">
            <subfield code="a">lc18 2004-08-04</subfield>
            <subfield code="i">lc18 2004-08-04</subfield>
            <subfield code="a">lc18 2004-08-04 trying to fetch original for examination (UTI problems)</subfield>
            <subfield code="g">lc03 2004-08-12 to Dewey</subfield>
            <subfield code="a">aa08 2004-08-12</subfield>
            <subfield code="a">ps05 2004-11-15 1 copy rec'd., to CIP ver.</subfield>
          </datafield>
          <datafield tag="010" ind1=" " ind2=" ">
            <subfield code="a">  2004018300</subfield>
          </datafield>
          <datafield tag="020" ind1=" " ind2=" ">
            <subfield code="a">1843831015 (pbk. : alk. paper)</subfield>
          </datafield>
          <datafield tag="035" ind1=" " ind2=" ">
            <subfield code="a">(OCoLC)ocm56194910</subfield>
          </datafield>
          <datafield tag="040" ind1=" " ind2=" ">
            <subfield code="a">DLC</subfield>
            <subfield code="c">DLC</subfield>
            <subfield code="d">YDX</subfield>
            <subfield code="d">DLC</subfield>
          </datafield>
          <datafield tag="041" ind1="1" ind2=" ">
            <subfield code="a">eng</subfield>
            <subfield code="h">spa</subfield>
          </datafield>
          <datafield tag="042" ind1=" " ind2=" ">
            <subfield code="a">pcc</subfield>
          </datafield>
          <datafield tag="043" ind1=" " ind2=" ">
            <subfield code="a">e-sp---</subfield>
          </datafield>
          <datafield tag="050" ind1="0" ind2="0">
            <subfield code="a">DP142.6.B83</subfield>
            <subfield code="b">D5313 2004</subfield>
          </datafield>
          <datafield tag="082" ind1="0" ind2="0">
            <subfield code="a">946/.302/092</subfield>
            <subfield code="a">B</subfield>
            <subfield code="2">22</subfield>
          </datafield>
          <datafield tag="100" ind1="1" ind2=" ">
            <subfield code="a">Díaz de Gámez, Gutierre,</subfield>
            <subfield code="d">approximately 1379-approximately 1450.</subfield>
          </datafield>
          <datafield tag="240" ind1="1" ind2="0">
            <subfield code="a">Victorial.</subfield>
            <subfield code="k">Selections.</subfield>
            <subfield code="l">English</subfield>
          </datafield>
          <datafield tag="245" ind1="1" ind2="4">
            <subfield code="a">The unconquered knight :</subfield>
            <subfield code="b">a chronicle of the deeds of Don Pero Niño, count of Buelna /</subfield>
            <subfield code="c">by Gutierre Diaz de Gamez (1431-1449) ; translated and selected from El vi[c]torial by Joan Evans.</subfield>
          </datafield>
          <datafield tag="260" ind1=" " ind2=" ">
            <subfield code="a">Woodbridge, Suffolk, UK ;</subfield>
            <subfield code="a">Rochester, NY :</subfield>
            <subfield code="b">Boydell Press,</subfield>
            <subfield code="c">2004.</subfield>
          </datafield>
          <datafield tag="300" ind1=" " ind2=" ">
            <subfield code="a">xv, 232 p. :</subfield>
            <subfield code="b">ill. ;</subfield>
            <subfield code="c">22 cm. +</subfield>
            <subfield code="e">1 bound-in map (26 x 22 cm., folded to 17 x 13 cm.)</subfield>
          </datafield>
          <datafield tag="440" ind1=" " ind2="0">
            <subfield code="a">First person singular,</subfield>
            <subfield code="x">1743-4769</subfield>
          </datafield>
          <datafield tag="500" ind1=" " ind2=" ">
            <subfield code="a">Originally published: London : Routledge, 1928.</subfield>
          </datafield>
          <datafield tag="504" ind1=" " ind2=" ">
            <subfield code="a">Includes bibliographical references (p. 221-227) and index.</subfield>
          </datafield>
          <datafield tag="600" ind1="1" ind2="0">
            <subfield code="a">Buelna, Pero Niño,</subfield>
            <subfield code="c">conde de,</subfield>
            <subfield code="d">approximately 1379-approximately 1453.</subfield>
          </datafield>
          <datafield tag="650" ind1=" " ind2="0">
            <subfield code="a">Nobility</subfield>
            <subfield code="z">Spain</subfield>
            <subfield code="z">Castile</subfield>
            <subfield code="v">Biography.</subfield>
          </datafield>
          <datafield tag="651" ind1=" " ind2="0">
            <subfield code="a">Castile (Spain)</subfield>
            <subfield code="x">History</subfield>
            <subfield code="y">Henry III, 1390-1406.</subfield>
          </datafield>
          <datafield tag="651" ind1=" " ind2="0">
            <subfield code="a">Castile (Spain)</subfield>
            <subfield code="x">History</subfield>
            <subfield code="y">John II, 1406-1454.</subfield>
          </datafield>
          <datafield tag="700" ind1="1" ind2=" ">
            <subfield code="a">Evans, Joan,</subfield>
            <subfield code="d">1893-1977.</subfield>
          </datafield>
        </record>
      </zs:recordData>
      <zs:recordPosition>9</zs:recordPosition>
    </zs:record>