
    <zs:record>
      <zs:recordSchema/>
      <zs:recordPacking>xml</zs:recordPacking>
      <zs:recordData>
        <record xmlns="http://www.loc.gov/MARC21/slim">
          <leader>01829ccm a2200373 a 4500</leader>
          <controlfield tag="001">14667681</controlfield>
          <controlfield tag="005">20190727085927.0</controlfield>
          <controlfield tag="008">061212s2004    nyufta|  ei    n  | zxx  </controlfield>
          <datafield tag="906" ind1=" " ind2=" ">
            <subfield code="a">7</subfield>
            <subfield code="b">cbc</subfield>
            <subfield code="c">origres</subfield>
            <subfield code="d">3</subfield>
            <subfield code="e">ncip</subfield>
            <subfield code="f">20</subfield>
            <subfield code="g">y-genmusic</subfield>
          </datafield>
          <datafield tag="925" ind1="0" ind2=" ">
            <subfield code="a">acquire</subfield>
            <subfield code="b">1 shelf copy</subfield>
            <subfield code="x">policy default</subfield>
          </datafield>
          <datafield tag="955" ind1=" " ind2=" ">
            <subfield code="a">vk03 2006-12-12 z-client</subfield>
            <subfield code="i">vk03 2006-12-12</subfield>
            <subfield code="e">vn34 2007-01-05 c. 1 &amp; 2 to Music Division</subfield>
            <subfield code="e">vl34 2019-07-27 c. 2 to Surplus</subfield>
          </datafield>
          <datafield tag="010" ind1=" " ind2=" ">
            <subfield code="a">  2006563867</subfield>
          </datafield>
          <datafield tag="020" ind1=" " ind2=" ">
            <subfield code="a">0919473253</subfield>
          </datafield>
          <datafield tag="028" ind1="0" ind2="0">
            <subfield code="a">VDGS-43</subfield>
            <subfield code="b">Loux Music</subfield>
          </datafield>
          <datafield tag="040" ind1=" " ind2=" ">
            <subfield code="a">DLC</subfield>
            <subfield code="c">DLC</subfield>
          </datafield>
          <datafield tag="041" ind1="0" ind2=" ">
            <subfield code="g">eng</subfield>
          </datafield>
          <datafield tag="050" ind1="0" ind2="0">
            <subfield code="a">M990.E18</subfield>
            <subfield code="b">B777 2004</subfield>
          </datafield>
          <datafield tag="100" ind1="1" ind2=" ">
            <subfield code="a">East, Michael,</subfield>
            <subfield code="d">approximately 1580-1648.</subfield>
          </datafield>
          <datafield tag="240" ind1="1" ind2="0">
            <subfield code="a">Bookes,</subfield>
            <subfield code="n">7th set.</subfield>
            <subfield code="k">Selections</subfield>
          </datafield>
          <datafield tag="245" ind1="1" ind2="4">
            <subfield code="a">The twelve ayerie fancies :</subfield>
            <subfield code="b">in four parts (TrTrTB) for viols, recorders or mixed consort : from the seventh set of Books (1638) /</subfield>
            <subfield code="c">Michael East ; edited by Joan Evans.</subfield>
          </datafield>
          <datafield tag="246" ind1="3" ind2=" ">
            <subfield code="a">12 ayerie fancies</subfield>
          </datafield>
          <datafield tag="246" ind1="3" ind2="0">
            <subfield code="a">Ayerie fancies</subfield>
          </datafield>
          <datafield tag="260" ind1=" " ind2=" ">
            <subfield code="a">Hannacroix, NY :</subfield>
            <subfield code="b">Dovehouse Editions, reassigned to Loux Music,</subfield>
            <subfield code="c">c2004.</subfield>
          </datafield>
          <datafield tag="300" ind1=" " ind2=" ">
            <subfield code="a">1 score (20 p.) + 5 parts ;</subfield>
            <subfield code="c">28 cm.</subfield>
          </datafield>
          <datafield tag="490" ind1="0" ind2=" ">
            <subfield code="a">Viola da gamba series ;</subfield>
            <subfield code="v">no. 43</subfield>
          </datafield>
          <datafield tag="500" ind1=" " ind2=" ">
            <subfield code="a">Cover title.</subfield>
          </datafield>
          <datafield tag="500" ind1=" " ind2=" ">
            <subfield code="a">Includes parts for tenor viol in treble and alto clefs.</subfield>
          </datafield>
          <datafield tag="500" ind1=" " ind2=" ">
            <subfield code="a">Edited from microfilms of a ms. in the British Library (Music K.2.d.7.).</subfield>
          </datafield>
          <datafield tag="500" ind1=" " ind2=" ">
            <subfield code="a">Biographical and editorial notes on p. [1].</subfield>
          </datafield>
          <datafield tag="505" ind1="0" ind2=" ">
            <subfield code="a">Name right your notes -- Sing this as that -- Some alteration -- A Re the first -- A Re the second -- A Re the third -- Not over long -- Somewhat short -- Softly at last -- Play not too fast -- The last but one -- This and no more.</subfield>
          </datafield>
          <datafield tag="650" ind1=" " ind2="0">
            <subfield code="a">String quartets (Viols (4))</subfield>
            <subfield code="v">Scores and parts.</subfield>
          </datafield>
          <datafield tag="650" ind1=" " ind2="0">
            <subfield code="a">Woodwind quartets (Recorders (4))</subfield>
            <subfield code="v">Scores and parts.</subfield>
          </datafield>
          <datafield tag="650" ind1=" " ind2="0">
            <subfield code="a">Quartets (Unspecified instruments (4))</subfield>
            <subfield code="v">Scores and parts.</subfield>
          </datafield>
          <datafield tag="700" ind1="1" ind2=" ">
            <subfield code="a">Evans, Joan,</subfield>
            <subfield code="d">1945-</subfield>
          </datafield>
        </record>
      </zs:recordData>
      <zs:recordPosition>11</zs:recordPosition>
    </zs:record>