
    <zs:record>
      <zs:recordSchema/>
      <zs:recordPacking>xml</zs:recordPacking>
      <zs:recordData>
        <record xmlns="http://www.loc.gov/MARC21/slim">
          <leader>01251cam a2200325 a 4500</leader>
          <controlfield tag="001">4985601</controlfield>
          <controlfield tag="005">20001113160830.0</controlfield>
          <controlfield tag="008">980313s1997    at ab    b    001 0beng  </controlfield>
          <datafield tag="035" ind1=" " ind2=" ">
            <subfield code="9">(DLC)   98126222</subfield>
          </datafield>
          <datafield tag="906" ind1=" " ind2=" ">
            <subfield code="a">7</subfield>
            <subfield code="b">cbc</subfield>
            <subfield code="c">orignew</subfield>
            <subfield code="d">3</subfield>
            <subfield code="e">ncip</subfield>
            <subfield code="f">19</subfield>
            <subfield code="g">y-gencatlg</subfield>
          </datafield>
          <datafield tag="955" ind1=" " ind2=" ">
            <subfield code="a">lh02 to subj. 03-13-98; lh06 03-16-98; lk18 3-18-98</subfield>
          </datafield>
          <datafield tag="010" ind1=" " ind2=" ">
            <subfield code="a">   98126222 </subfield>
          </datafield>
          <datafield tag="040" ind1=" " ind2=" ">
            <subfield code="a">DLC</subfield>
            <subfield code="c">DLC</subfield>
            <subfield code="d">DLC</subfield>
          </datafield>
          <datafield tag="043" ind1=" " ind2=" ">
            <subfield code="a">n-us-ma</subfield>
            <subfield code="a">e-ie---</subfield>
            <subfield code="a">u-at---</subfield>
          </datafield>
          <datafield tag="050" ind1="0" ind2="0">
            <subfield code="a">PS2493</subfield>
            <subfield code="b">.E93 1997</subfield>
          </datafield>
          <datafield tag="082" ind1="0" ind2="0">
            <subfield code="a">811/.4</subfield>
            <subfield code="a">B</subfield>
            <subfield code="2">21</subfield>
          </datafield>
          <datafield tag="100" ind1="1" ind2=" ">
            <subfield code="a">Evans, A. G.</subfield>
            <subfield code="q">(Anthony G.)</subfield>
          </datafield>
          <datafield tag="245" ind1="1" ind2="0">
            <subfield code="a">Fanatic heart :</subfield>
            <subfield code="b">a life of John Boyle O'Reilly, 1844-1890 /</subfield>
            <subfield code="c">A.G. Evans.</subfield>
          </datafield>
          <datafield tag="260" ind1=" " ind2=" ">
            <subfield code="a">Nedlands, W.A. :</subfield>
            <subfield code="b">University of Western Australia Press,</subfield>
            <subfield code="c">1997.</subfield>
          </datafield>
          <datafield tag="300" ind1=" " ind2=" ">
            <subfield code="a">xv, 280 p. :</subfield>
            <subfield code="b">ill. (some col.), map ;</subfield>
            <subfield code="c">25 cm.</subfield>
          </datafield>
          <datafield tag="504" ind1=" " ind2=" ">
            <subfield code="a">Includes bibliographical references (p. 273-275) and index.</subfield>
          </datafield>
          <datafield tag="600" ind1="1" ind2="0">
            <subfield code="a">O'Reilly, John Boyle,</subfield>
            <subfield code="d">1844-1890.</subfield>
          </datafield>
          <datafield tag="650" ind1=" " ind2="0">
            <subfield code="a">Poets, American</subfield>
            <subfield code="y">19th century</subfield>
            <subfield code="x">Biography.</subfield>
          </datafield>
          <datafield tag="650" ind1=" " ind2="0">
            <subfield code="a">Journalists</subfield>
            <subfield code="z">United States</subfield>
            <subfield code="x">Biography.</subfield>
          </datafield>
          <datafield tag="651" ind1=" " ind2="0">
            <subfield code="a">Ireland</subfield>
            <subfield code="x">History</subfield>
            <subfield code="y">1837-1901</subfield>
            <subfield code="x">Biography.</subfield>
          </datafield>
          <datafield tag="650" ind1=" " ind2="0">
            <subfield code="a">Irish Americans</subfield>
            <subfield code="z">Massachusetts</subfield>
            <subfield code="z">Boston</subfield>
            <subfield code="x">Biography.</subfield>
          </datafield>
          <datafield tag="650" ind1=" " ind2="0">
            <subfield code="a">Prisoners</subfield>
            <subfield code="z">Australia</subfield>
            <subfield code="x">Biography.</subfield>
          </datafield>
          <datafield tag="650" ind1=" " ind2="0">
            <subfield code="a">Fenians</subfield>
            <subfield code="x">Biography.</subfield>
          </datafield>
          <datafield tag="922" ind1=" " ind2=" ">
            <subfield code="a">cf</subfield>
          </datafield>
          <datafield tag="991" ind1=" " ind2=" ">
            <subfield code="b">c-GenColl</subfield>
            <subfield code="h">PS2493</subfield>
            <subfield code="i">.E93 1997</subfield>
            <subfield code="t">Copy 1</subfield>
            <subfield code="w">BOOKS</subfield>
          </datafield>
        </record>
      </zs:recordData>
      <zs:recordPosition>24</zs:recordPosition>
    </zs:record>