
    <zs:record>
      <zs:recordSchema/>
      <zs:recordPacking>xml</zs:recordPacking>
      <zs:recordData>
        <record xmlns="http://www.loc.gov/MARC21/slim">
          <leader>00545cam a2200181u  4500</leader>
          <controlfield tag="001">10190597</controlfield>
          <controlfield tag="005">20130516121145.0</controlfield>
          <controlfield tag="008">830518s1940    enk           000 0 eng  </controlfield>
          <datafield tag="906" ind1=" " ind2=" ">
            <subfield code="a">0</subfield>
            <subfield code="b">cbc</subfield>
            <subfield code="c">premunv</subfield>
            <subfield code="d">u</subfield>
            <subfield code="e">ncip</subfield>
            <subfield code="f">19</subfield>
            <subfield code="g">y-gencatlg</subfield>
          </datafield>
          <datafield tag="010" ind1=" " ind2=" ">
            <subfield code="a">   41001232 </subfield>
          </datafield>
          <datafield tag="035" ind1=" " ind2=" ">
            <subfield code="9">(DLC)   41001232</subfield>
          </datafield>
          <datafield tag="040" ind1=" " ind2=" ">
            <subfield code="a">DLC</subfield>
            <subfield code="c">CarP</subfield>
            <subfield code="d">DLC</subfield>
          </datafield>
          <datafield tag="050" ind1="0" ind2="0">
            <subfield code="a">PZ3.E9203</subfield>
            <subfield code="b">Wh</subfield>
          </datafield>
          <datafield tag="100" ind1="1" ind2=" ">
            <subfield code="a">Evans, A. J.</subfield>
            <subfield code="q">(Alfred John),</subfield>
            <subfield code="d">1889-</subfield>
          </datafield>
          <datafield tag="245" ind1="1" ind2="0">
            <subfield code="a">Who's the guy?</subfield>
          </datafield>
          <datafield tag="260" ind1=" " ind2=" ">
            <subfield code="a">London,</subfield>
            <subfield code="b">Hodder and Stoughton</subfield>
            <subfield code="c">[1940]</subfield>
          </datafield>
          <datafield tag="300" ind1=" " ind2=" ">
            <subfield code="a">285 p.</subfield>
            <subfield code="c">19 cm.</subfield>
          </datafield>
          <datafield tag="991" ind1=" " ind2=" ">
            <subfield code="b">c-GenColl</subfield>
            <subfield code="h">PZ3.E9203</subfield>
            <subfield code="i">Wh</subfield>
            <subfield code="p">00022151095</subfield>
            <subfield code="t">Copy 1</subfield>
            <subfield code="w">PREM</subfield>
          </datafield>
        </record>
      </zs:recordData>
      <zs:recordPosition>35</zs:recordPosition>
    </zs:record>