
    <zs:record>
      <zs:recordSchema/>
      <zs:recordPacking>xml</zs:recordPacking>
      <zs:recordData>
        <record xmlns="http://www.loc.gov/MARC21/slim">
          <leader>01487cam a2200325 a 4500</leader>
          <controlfield tag="001">14432176</controlfield>
          <controlfield tag="005">20060926152513.0</controlfield>
          <controlfield tag="008">060629s2005    tnua     b    001 0 eng  </controlfield>
          <datafield tag="906" ind1=" " ind2=" ">
            <subfield code="a">7</subfield>
            <subfield code="b">cbc</subfield>
            <subfield code="c">orignew</subfield>
            <subfield code="d">2</subfield>
            <subfield code="e">ncip</subfield>
            <subfield code="f">20</subfield>
            <subfield code="g">y-gencatlg</subfield>
          </datafield>
          <datafield tag="925" ind1="0" ind2=" ">
            <subfield code="a">acquire</subfield>
            <subfield code="b">2 shelf copies</subfield>
            <subfield code="x">policy default</subfield>
          </datafield>
          <datafield tag="955" ind1=" " ind2=" ">
            <subfield code="a">pv15 2006-06-29 to ASCD</subfield>
            <subfield code="a">jb00 2006-07-13</subfield>
            <subfield code="c">jb14 2006-07-13; to subj. cat.</subfield>
            <subfield code="d">jb10 2006-07-21</subfield>
            <subfield code="e">jb10 2006-07-21 to Dewey</subfield>
            <subfield code="a">aa07 2006-07-28</subfield>
            <subfield code="a">sf30 2006-09-26 copy 2 added to BCCD</subfield>
          </datafield>
          <datafield tag="010" ind1=" " ind2=" ">
            <subfield code="a">  2006278597</subfield>
          </datafield>
          <datafield tag="020" ind1=" " ind2=" ">
            <subfield code="a">0937207454</subfield>
          </datafield>
          <datafield tag="040" ind1=" " ind2=" ">
            <subfield code="a">DLC</subfield>
            <subfield code="c">DLC</subfield>
            <subfield code="d">DLC</subfield>
          </datafield>
          <datafield tag="043" ind1=" " ind2=" ">
            <subfield code="a">n-us-nc</subfield>
            <subfield code="a">n-us-tn</subfield>
          </datafield>
          <datafield tag="050" ind1="0" ind2="0">
            <subfield code="a">QK525.5.S66</subfield>
            <subfield code="b">E93 2005</subfield>
          </datafield>
          <datafield tag="082" ind1="0" ind2="0">
            <subfield code="a">587/.3</subfield>
            <subfield code="2">22</subfield>
          </datafield>
          <datafield tag="100" ind1="1" ind2=" ">
            <subfield code="a">Evans, A. Murray.</subfield>
          </datafield>
          <datafield tag="245" ind1="1" ind2="0">
            <subfield code="a">Ferns &amp; fern allies of the Smokies /</subfield>
            <subfield code="c">written by Murray Evans.</subfield>
          </datafield>
          <datafield tag="246" ind1="3" ind2=" ">
            <subfield code="a">Ferns and fern allies of the Smokies</subfield>
          </datafield>
          <datafield tag="246" ind1="1" ind2="4">
            <subfield code="a">Ferns of the Smokies</subfield>
          </datafield>
          <datafield tag="260" ind1=" " ind2=" ">
            <subfield code="a">Gatlinburg, Tenn. :</subfield>
            <subfield code="b">Great Smoky Mountains Association,</subfield>
            <subfield code="c">c2005.</subfield>
          </datafield>
          <datafield tag="300" ind1=" " ind2=" ">
            <subfield code="a">vii, 99 p. :</subfield>
            <subfield code="b">col. ill. ;</subfield>
            <subfield code="c">16 cm.</subfield>
          </datafield>
          <datafield tag="504" ind1=" " ind2=" ">
            <subfield code="a">Includes bibliographical references (p. 88).</subfield>
          </datafield>
          <datafield tag="650" ind1=" " ind2="0">
            <subfield code="a">Ferns</subfield>
            <subfield code="z">Great Smoky Mountains (N.C. and Tenn.)</subfield>
            <subfield code="v">Identification.</subfield>
          </datafield>
          <datafield tag="650" ind1=" " ind2="0">
            <subfield code="a">Pteridophyta</subfield>
            <subfield code="z">Great Smoky Mountains (N.C. and Tenn.)</subfield>
            <subfield code="v">Identification.</subfield>
          </datafield>
          <datafield tag="650" ind1=" " ind2="0">
            <subfield code="a">Ferns</subfield>
            <subfield code="z">Great Smoky Mountains (N.C. and Tenn.)</subfield>
            <subfield code="v">Pictorial works.</subfield>
          </datafield>
          <datafield tag="650" ind1=" " ind2="0">
            <subfield code="a">Pteridophyta</subfield>
            <subfield code="z">Great Smoky Mountains (N.C. and Tenn.)</subfield>
            <subfield code="v">Pictorial works.</subfield>
          </datafield>
          <datafield tag="651" ind1=" " ind2="0">
            <subfield code="a">Great Smoky Mountains (N.C. and Tenn.)</subfield>
          </datafield>
          <datafield tag="856" ind1="4" ind2="1">
            <subfield code="3">Table of contents only</subfield>
            <subfield code="u">http://www.loc.gov/catdir/toc/fy0610/2006278597.html</subfield>
          </datafield>
        </record>
      </zs:recordData>
      <zs:recordPosition>41</zs:recordPosition>
    </zs:record>