
    <zs:record>
      <zs:recordSchema/>
      <zs:recordPacking>xml</zs:recordPacking>
      <zs:recordData>
        <record xmlns="http://www.loc.gov/MARC21/slim">
          <leader>00851pam a2200265 a 4500</leader>
          <controlfield tag="001">2387538</controlfield>
          <controlfield tag="005">19860815000000.0</controlfield>
          <controlfield tag="008">860103s1986    enka          001 0 eng c</controlfield>
          <datafield tag="035" ind1=" " ind2=" ">
            <subfield code="9">(DLC)   85023291</subfield>
          </datafield>
          <datafield tag="906" ind1=" " ind2=" ">
            <subfield code="a">7</subfield>
            <subfield code="b">cbc</subfield>
            <subfield code="c">orignew</subfield>
            <subfield code="d">1</subfield>
            <subfield code="e">ocip</subfield>
            <subfield code="f">19</subfield>
            <subfield code="g">y-gencatlg</subfield>
          </datafield>
          <datafield tag="010" ind1=" " ind2=" ">
            <subfield code="a">   85023291 </subfield>
          </datafield>
          <datafield tag="020" ind1=" " ind2=" ">
            <subfield code="a">0852007590 :</subfield>
            <subfield code="c">$20.00 (est.)</subfield>
          </datafield>
          <datafield tag="040" ind1=" " ind2=" ">
            <subfield code="a">DNLM/DLC</subfield>
            <subfield code="c">DLC</subfield>
            <subfield code="d">DLC</subfield>
          </datafield>
          <datafield tag="050" ind1="1" ind2="0">
            <subfield code="a">RJ45</subfield>
            <subfield code="b">.E918 1986</subfield>
          </datafield>
          <datafield tag="060" ind1=" " ind2=" ">
            <subfield code="a">WS 200 E92p</subfield>
          </datafield>
          <datafield tag="082" ind1="0" ind2="0">
            <subfield code="a">618.92</subfield>
            <subfield code="2">19</subfield>
          </datafield>
          <datafield tag="100" ind1="1" ind2=" ">
            <subfield code="a">Evans, A. N. W.</subfield>
            <subfield code="q">(Andrew Nicholas William)</subfield>
          </datafield>
          <datafield tag="245" ind1="1" ind2="0">
            <subfield code="a">Paediatrics /</subfield>
            <subfield code="c">A.N.W. Evans and C.A. McCarthy.</subfield>
          </datafield>
          <datafield tag="260" ind1=" " ind2=" ">
            <subfield code="a">Lancaster, England ;</subfield>
            <subfield code="a">Boston :</subfield>
            <subfield code="b">MTP Press,</subfield>
            <subfield code="c">c1986.</subfield>
          </datafield>
          <datafield tag="300" ind1=" " ind2=" ">
            <subfield code="a">viii, 160 p. :</subfield>
            <subfield code="b">ill. ;</subfield>
            <subfield code="c">24 cm.</subfield>
          </datafield>
          <datafield tag="440" ind1=" " ind2="0">
            <subfield code="a">Management of common diseases in family practice</subfield>
          </datafield>
          <datafield tag="500" ind1=" " ind2=" ">
            <subfield code="a">Includes index.</subfield>
          </datafield>
          <datafield tag="650" ind1=" " ind2="0">
            <subfield code="a">Pediatrics.</subfield>
          </datafield>
          <datafield tag="650" ind1=" " ind2="2">
            <subfield code="a">Pediatrics.</subfield>
          </datafield>
          <datafield tag="700" ind1="1" ind2=" ">
            <subfield code="a">McCarthy, C. A.</subfield>
            <subfield code="q">(Cornelia Ann)</subfield>
          </datafield>
        </record>
      </zs:recordData>
      <zs:recordPosition>42</zs:recordPosition>
    </zs:record>