
    <zs:record>
      <zs:recordSchema/>
      <zs:recordPacking>xml</zs:recordPacking>
      <zs:recordData>
        <record xmlns="http://www.loc.gov/MARC21/slim">
          <leader>00876cas a2200253u  4500</leader>
          <controlfield tag="001">10666134</controlfield>
          <controlfield tag="005">20070718094919.0</controlfield>
          <controlfield tag="008">871202u        txu u         0  0 0eng  </controlfield>
          <datafield tag="906" ind1=" " ind2=" ">
            <subfield code="a">0</subfield>
            <subfield code="b">cbc</subfield>
            <subfield code="c">serprem</subfield>
            <subfield code="d">u</subfield>
            <subfield code="e">ncip</subfield>
            <subfield code="f">19</subfield>
            <subfield code="g">y-ilsserca</subfield>
          </datafield>
          <datafield tag="010" ind1=" " ind2=" ">
            <subfield code="a">   78649436 </subfield>
          </datafield>
          <datafield tag="040" ind1=" " ind2=" ">
            <subfield code="a">DLC</subfield>
            <subfield code="c">CarP</subfield>
            <subfield code="d">DLC</subfield>
          </datafield>
          <datafield tag="050" ind1="0" ind2="0">
            <subfield code="a">G521</subfield>
            <subfield code="b">.E9</subfield>
          </datafield>
          <datafield tag="100" ind1="1" ind2=" ">
            <subfield code="a">Evans, A. T. [from old catalog]</subfield>
          </datafield>
          <datafield tag="245" ind1="0" ind2="4">
            <subfield code="a">The treasure hunter's yearbook.</subfield>
          </datafield>
          <datafield tag="249" ind1="1" ind2=" ">
            <subfield code="i">SERLOC variant entry:</subfield>
            <subfield code="a">Treasure hunter's yearbook</subfield>
          </datafield>
          <datafield tag="260" ind1=" " ind2=" ">
            <subfield code="a">Odessa, Tex.,</subfield>
            <subfield code="b">Eureka Press</subfield>
            <subfield code="c">[n.d.]</subfield>
          </datafield>
          <datafield tag="300" ind1=" " ind2=" ">
            <subfield code="a">v.</subfield>
            <subfield code="b">illus., ports.</subfield>
            <subfield code="c">29 cm.</subfield>
          </datafield>
          <datafield tag="310" ind1=" " ind2=" ">
            <subfield code="a">Annual</subfield>
          </datafield>
          <datafield tag="500" ind1=" " ind2=" ">
            <subfield code="a">Serial.</subfield>
          </datafield>
          <datafield tag="650" ind1=" " ind2="0">
            <subfield code="a">Treasure troves</subfield>
            <subfield code="v">Periodicals.</subfield>
          </datafield>
          <datafield tag="730" ind1="0" ind2=" ">
            <subfield code="a">The Treasure hunter's yearbook. [from old catalog]</subfield>
          </datafield>
          <datafield tag="890" ind1=" " ind2=" ">
            <subfield code="a">Evans, A. T.  Treasure hunter's yearbook.  (Eureka Press)  Odessa, Tex.</subfield>
            <subfield code="i">sv87-72095</subfield>
          </datafield>
          <datafield tag="920" ind1=" " ind2=" ">
            <subfield code="a">Keep 1</subfield>
          </datafield>
          <datafield tag="991" ind1=" " ind2=" ">
            <subfield code="b">c-GenColl</subfield>
            <subfield code="h">G521</subfield>
            <subfield code="i">.E9</subfield>
            <subfield code="p">00009958691</subfield>
            <subfield code="t">Copy 1</subfield>
            <subfield code="w">PREM</subfield>
          </datafield>
        </record>
      </zs:recordData>
      <zs:recordPosition>47</zs:recordPosition>
    </zs:record>