
    <zs:record>
      <zs:recordSchema/>
      <zs:recordPacking>xml</zs:recordPacking>
      <zs:recordData>
        <record xmlns="http://www.loc.gov/MARC21/slim">
          <leader>02595cam a22003011  4500</leader>
          <controlfield tag="001">10129784</controlfield>
          <controlfield tag="005">20090902155858.0</controlfield>
          <controlfield tag="008">780106m19211935enkabce       000 0 eng  </controlfield>
          <datafield tag="906" ind1=" " ind2=" ">
            <subfield code="a">7</subfield>
            <subfield code="b">cbc</subfield>
            <subfield code="c">oclcrpl</subfield>
            <subfield code="d">u</subfield>
            <subfield code="e">ncip</subfield>
            <subfield code="f">19</subfield>
            <subfield code="g">y-gencatlg</subfield>
          </datafield>
          <datafield tag="035" ind1=" " ind2=" ">
            <subfield code="9">(DLC)   22006622</subfield>
          </datafield>
          <datafield tag="010" ind1=" " ind2=" ">
            <subfield code="a">   22006622 </subfield>
          </datafield>
          <datafield tag="035" ind1=" " ind2=" ">
            <subfield code="a">(OCoLC)3536093</subfield>
          </datafield>
          <datafield tag="040" ind1=" " ind2=" ">
            <subfield code="a">DLC</subfield>
            <subfield code="c">NcGU</subfield>
            <subfield code="d">NcGU</subfield>
            <subfield code="d">OCoLC</subfield>
            <subfield code="d">DLC</subfield>
          </datafield>
          <datafield tag="042" ind1=" " ind2=" ">
            <subfield code="a">premarc</subfield>
          </datafield>
          <datafield tag="050" ind1="0" ind2="0">
            <subfield code="a">DF221.C8</subfield>
            <subfield code="b">E75</subfield>
          </datafield>
          <datafield tag="051" ind1=" " ind2=" ">
            <subfield code="a">DF221.C8</subfield>
            <subfield code="b">E75 Index</subfield>
          </datafield>
          <datafield tag="100" ind1="1" ind2=" ">
            <subfield code="a">Evans, Arthur,</subfield>
            <subfield code="c">Sir,</subfield>
            <subfield code="d">1851-1941.</subfield>
          </datafield>
          <datafield tag="245" ind1="1" ind2="4">
            <subfield code="a">The palace of Minos;</subfield>
            <subfield code="b">a comparative account of the successive stages of the early Cretan civilization as illustrated by the discoveries at Knossos,</subfield>
            <subfield code="c">by Sir Arthur Evans ...</subfield>
          </datafield>
          <datafield tag="260" ind1=" " ind2=" ">
            <subfield code="a">London,</subfield>
            <subfield code="b">Macmillan and Co., limited,</subfield>
            <subfield code="c">1921-35.</subfield>
          </datafield>
          <datafield tag="300" ind1=" " ind2=" ">
            <subfield code="a">4 v. in 6.</subfield>
            <subfield code="b">col. fronts., illus., plates (part. col., part fold.) port., maps (part fold.) plans (part fold.) facsims.</subfield>
            <subfield code="c">26 cm.</subfield>
          </datafield>
          <datafield tag="500" ind1=" " ind2=" ">
            <subfield code="a">Supplemented by : Index to The palace of Minos, by Joan Evans ... with special sections classified in detail and chronologically arranged by Sir Arthur Evans. (vi, 221, [1] p. ; 26 cm.) published : London : Macmillan and Co., limited, 1936. Call number : DF221.C8 E75 Index.</subfield>
          </datafield>
          <datafield tag="505" ind1="0" ind2=" ">
            <subfield code="a">vol. I. The neolithic and early and middle Minoan ages.--vol. II. pt. I. Fresh lights on origins and external relations: the restoration in town and palace after seismic catastrophe towards close of M.M. III, and the beginnings of the new era. pt. II. Town-houses in Knossos of the new era and restored west palace section, with its state approach.--vol. III. The great transitional age in the northern and eastern sections of the palace: the most brilliant records of Minoan art and the evidences of an advanced religion.</subfield>
          </datafield>
          <datafield tag="500" ind1=" " ind2=" ">
            <subfield code="a">--vol. IV. pt. I. Emergence of outer western enceinte, with new illustrations, artistic and religious, of the middle Minoan phase: chryselephantine 'lady of sports,' 'snake room' and full story of the cult: late Minoan ceramic evolution and 'palace style.' pt. II. 'Camp-stool' fresco--long-robed priests and beneficient genii; chryselephantine boy-god and ritual hair-offering; intaglio types, M.M. III-L.M. II; late hoards of sealings; deposits of inscribed tablets and the palace stores; linear script B and its mainland extension; closing palatial phase--'room of throne'--and final catastrophe with epilogue on the discovery of 'ring of Minos' and 'temple tomb.'</subfield>
          </datafield>
          <datafield tag="651" ind1=" " ind2="0">
            <subfield code="a">Crete (Greece)</subfield>
            <subfield code="x">Antiquities.</subfield>
          </datafield>
          <datafield tag="651" ind1=" " ind2="0">
            <subfield code="a">Greece</subfield>
            <subfield code="x">Civilization.</subfield>
          </datafield>
          <datafield tag="700" ind1="1" ind2=" ">
            <subfield code="a">Evans, Joan,</subfield>
            <subfield code="d">1893-1977.</subfield>
          </datafield>
          <datafield tag="985" ind1=" " ind2=" ">
            <subfield code="e">OCLC REPLACEMENT cdsdistr</subfield>
          </datafield>
          <datafield tag="991" ind1=" " ind2=" ">
            <subfield code="b">c-GenColl</subfield>
            <subfield code="h">DF221.C8</subfield>
            <subfield code="i">E75</subfield>
            <subfield code="t">Copy 1</subfield>
            <subfield code="w">OCLCREP</subfield>
          </datafield>
        </record>
      </zs:recordData>
      <zs:recordPosition>50</zs:recordPosition>
    </zs:record>