
    <zs:record>
      <zs:recordSchema/>
      <zs:recordPacking>xml</zs:recordPacking>
      <zs:recordData>
        <record xmlns="http://www.loc.gov/MARC21/slim">
          <leader>00957cam a22002771  4500</leader>
          <controlfield tag="001">9248133</controlfield>
          <controlfield tag="005">20060628142009.0</controlfield>
          <controlfield tag="008">760207s1938    enkabef  b    000 0 eng  </controlfield>
          <datafield tag="906" ind1=" " ind2=" ">
            <subfield code="a">7</subfield>
            <subfield code="b">cbc</subfield>
            <subfield code="c">oclcrpl</subfield>
            <subfield code="d">u</subfield>
            <subfield code="e">ncip</subfield>
            <subfield code="f">19</subfield>
            <subfield code="g">y-gencatlg</subfield>
          </datafield>
          <datafield tag="035" ind1=" " ind2=" ">
            <subfield code="9">(DLC)   39014000</subfield>
          </datafield>
          <datafield tag="010" ind1=" " ind2=" ">
            <subfield code="a">   39014000 </subfield>
          </datafield>
          <datafield tag="035" ind1=" " ind2=" ">
            <subfield code="a">(OCoLC)1973456</subfield>
          </datafield>
          <datafield tag="040" ind1=" " ind2=" ">
            <subfield code="a">DLC</subfield>
            <subfield code="c">TxU</subfield>
            <subfield code="d">OCoLC</subfield>
            <subfield code="d">DLC</subfield>
          </datafield>
          <datafield tag="050" ind1="0" ind2="0">
            <subfield code="a">NA390</subfield>
            <subfield code="b">.E8</subfield>
          </datafield>
          <datafield tag="082" ind1=" " ind2=" ">
            <subfield code="a">723.4</subfield>
          </datafield>
          <datafield tag="100" ind1="1" ind2=" ">
            <subfield code="a">Evans, Joan,</subfield>
            <subfield code="d">1893-1977.</subfield>
          </datafield>
          <datafield tag="245" ind1="1" ind2="4">
            <subfield code="a">The romanesque architecture of the order of Cluny,</subfield>
            <subfield code="c">by Joan Evans ...</subfield>
          </datafield>
          <datafield tag="260" ind1=" " ind2=" ">
            <subfield code="a">Cambridge [Eng.]</subfield>
            <subfield code="b">The University Press,</subfield>
            <subfield code="c">1938.</subfield>
          </datafield>
          <datafield tag="300" ind1=" " ind2=" ">
            <subfield code="a">xxxviii, 256 p.</subfield>
            <subfield code="b">front., illus. (incl. plans) plates, 7 maps (3 fold.)</subfield>
            <subfield code="c">29 x 22 cm.</subfield>
          </datafield>
          <datafield tag="500" ind1=" " ind2=" ">
            <subfield code="a">Errata slip inserted between p. 94 and 95.</subfield>
          </datafield>
          <datafield tag="500" ind1=" " ind2=" ">
            <subfield code="a">Bibliography: p. [xxvii]-xxxviii.</subfield>
          </datafield>
          <datafield tag="650" ind1=" " ind2="0">
            <subfield code="a">Cluniac architecture.</subfield>
          </datafield>
          <datafield tag="650" ind1=" " ind2="0">
            <subfield code="a">Architecture, Romanesque.</subfield>
          </datafield>
          <datafield tag="610" ind1="2" ind2="0">
            <subfield code="a">Cluniacs.</subfield>
          </datafield>
          <datafield tag="985" ind1=" " ind2=" ">
            <subfield code="e">OCLC REPLACEMENT</subfield>
          </datafield>
          <datafield tag="991" ind1=" " ind2=" ">
            <subfield code="b">c-GenColl</subfield>
            <subfield code="h">NA390</subfield>
            <subfield code="i">.E8</subfield>
            <subfield code="t">Copy 1</subfield>
            <subfield code="w">OCLCREP</subfield>
          </datafield>
        </record>
      </zs:recordData>
      <zs:recordPosition>88</zs:recordPosition>
    </zs:record>